%YAML 1.1
%TAG !u! tag:unity3d.com,2011:
--- !u!1 &1638531792451094416
GameObject:
  m_ObjectHideFlags: 0
  m_CorrespondingSourceObject: {fileID: 0}
  m_PrefabInstance: {fileID: 0}
  m_PrefabAsset: {fileID: 0}
  serializedVersion: 6
  m_Component:
  - component: {fileID: 949994706177216376}
  m_Layer: 0
  m_Name: Formacion2Hard
  m_TagString: Untagged
  m_Icon: {fileID: 0}
  m_NavMeshLayer: 0
  m_StaticEditorFlags: 0
  m_IsActive: 1
--- !u!4 &949994706177216376
Transform:
  m_ObjectHideFlags: 0
  m_CorrespondingSourceObject: {fileID: 0}
  m_PrefabInstance: {fileID: 0}
  m_PrefabAsset: {fileID: 0}
  m_GameObject: {fileID: 1638531792451094416}
  m_LocalRotation: {x: 0, y: 0, z: 0, w: 1}
  m_LocalPosition: {x: 0, y: 0, z: 0}
  m_LocalScale: {x: 1, y: 1, z: 1}
  m_Children:
  - {fileID: 3929682283089244641}
  - {fileID: 2518479501941495529}
  - {fileID: 6153988072788504585}
  - {fileID: 6990812767277790969}
  - {fileID: 6759054094333053000}
  m_Father: {fileID: 0}
  m_RootOrder: 0
  m_LocalEulerAnglesHint: {x: 0, y: 0, z: 0}
--- !u!1001 &256231787232495444
PrefabInstance:
  m_ObjectHideFlags: 0
  serializedVersion: 2
  m_Modification:
    m_TransformParent: {fileID: 949994706177216376}
    m_Modifications:
    - target: {fileID: 3201920097784335953, guid: 9b0b5bf11bdefd14ea11745b6d61ab63,
        type: 3}
      propertyPath: m_Name
      value: Enemy 1
      objectReference: {fileID: 0}
    - target: {fileID: 2413153903215071677, guid: 9b0b5bf11bdefd14ea11745b6d61ab63,
        type: 3}
      propertyPath: m_LocalPosition.x
      value: 5.2699995
      objectReference: {fileID: 0}
    - target: {fileID: 2413153903215071677, guid: 9b0b5bf11bdefd14ea11745b6d61ab63,
        type: 3}
      propertyPath: m_LocalPosition.y
      value: -3.0913274
      objectReference: {fileID: 0}
    - target: {fileID: 2413153903215071677, guid: 9b0b5bf11bdefd14ea11745b6d61ab63,
        type: 3}
      propertyPath: m_LocalPosition.z
      value: 0
      objectReference: {fileID: 0}
    - target: {fileID: 2413153903215071677, guid: 9b0b5bf11bdefd14ea11745b6d61ab63,
        type: 3}
      propertyPath: m_LocalRotation.x
      value: -0
      objectReference: {fileID: 0}
    - target: {fileID: 2413153903215071677, guid: 9b0b5bf11bdefd14ea11745b6d61ab63,
        type: 3}
      propertyPath: m_LocalRotation.y
      value: -0
      objectReference: {fileID: 0}
    - target: {fileID: 2413153903215071677, guid: 9b0b5bf11bdefd14ea11745b6d61ab63,
        type: 3}
      propertyPath: m_LocalRotation.z
      value: -0
      objectReference: {fileID: 0}
    - target: {fileID: 2413153903215071677, guid: 9b0b5bf11bdefd14ea11745b6d61ab63,
        type: 3}
      propertyPath: m_LocalRotation.w
      value: 1
      objectReference: {fileID: 0}
    - target: {fileID: 2413153903215071677, guid: 9b0b5bf11bdefd14ea11745b6d61ab63,
        type: 3}
      propertyPath: m_RootOrder
      value: 1
      objectReference: {fileID: 0}
    - target: {fileID: 2413153903215071677, guid: 9b0b5bf11bdefd14ea11745b6d61ab63,
        type: 3}
      propertyPath: m_LocalEulerAnglesHint.x
      value: 0
      objectReference: {fileID: 0}
    - target: {fileID: 2413153903215071677, guid: 9b0b5bf11bdefd14ea11745b6d61ab63,
        type: 3}
      propertyPath: m_LocalEulerAnglesHint.y
      value: 0
      objectReference: {fileID: 0}
    - target: {fileID: 2413153903215071677, guid: 9b0b5bf11bdefd14ea11745b6d61ab63,
        type: 3}
      propertyPath: m_LocalEulerAnglesHint.z
      value: 0
      objectReference: {fileID: 0}
    m_RemovedComponents: []
  m_SourcePrefab: {fileID: 100100000, guid: 9b0b5bf11bdefd14ea11745b6d61ab63, type: 3}
--- !u!4 &2518479501941495529 stripped
Transform:
  m_CorrespondingSourceObject: {fileID: 2413153903215071677, guid: 9b0b5bf11bdefd14ea11745b6d61ab63,
    type: 3}
  m_PrefabInstance: {fileID: 256231787232495444}
  m_PrefabAsset: {fileID: 0}
--- !u!1001 &3614488699447929077
PrefabInstance:
  m_ObjectHideFlags: 0
  serializedVersion: 2
  m_Modification:
    m_TransformParent: {fileID: 949994706177216376}
    m_Modifications:
    - target: {fileID: 6675844859120309800, guid: d854d4bbf018230468a5ed69d05d78b8,
        type: 3}
      propertyPath: m_Name
      value: Boss 1
      objectReference: {fileID: 0}
    - target: {fileID: 333327279573686548, guid: d854d4bbf018230468a5ed69d05d78b8,
        type: 3}
      propertyPath: m_LocalPosition.x
      value: 2.77
      objectReference: {fileID: 0}
    - target: {fileID: 333327279573686548, guid: d854d4bbf018230468a5ed69d05d78b8,
        type: 3}
      propertyPath: m_LocalPosition.y
      value: -0.69132733
      objectReference: {fileID: 0}
    - target: {fileID: 333327279573686548, guid: d854d4bbf018230468a5ed69d05d78b8,
        type: 3}
      propertyPath: m_LocalPosition.z
      value: 0.5
      objectReference: {fileID: 0}
    - target: {fileID: 333327279573686548, guid: d854d4bbf018230468a5ed69d05d78b8,
        type: 3}
      propertyPath: m_LocalRotation.x
      value: -0
      objectReference: {fileID: 0}
    - target: {fileID: 333327279573686548, guid: d854d4bbf018230468a5ed69d05d78b8,
        type: 3}
      propertyPath: m_LocalRotation.y
      value: -0
      objectReference: {fileID: 0}
    - target: {fileID: 333327279573686548, guid: d854d4bbf018230468a5ed69d05d78b8,
        type: 3}
      propertyPath: m_LocalRotation.z
      value: -0
      objectReference: {fileID: 0}
    - target: {fileID: 333327279573686548, guid: d854d4bbf018230468a5ed69d05d78b8,
        type: 3}
      propertyPath: m_LocalRotation.w
      value: 1
      objectReference: {fileID: 0}
    - target: {fileID: 333327279573686548, guid: d854d4bbf018230468a5ed69d05d78b8,
        type: 3}
      propertyPath: m_RootOrder
      value: 0
      objectReference: {fileID: 0}
    - target: {fileID: 333327279573686548, guid: d854d4bbf018230468a5ed69d05d78b8,
        type: 3}
      propertyPath: m_LocalEulerAnglesHint.x
      value: 0
      objectReference: {fileID: 0}
    - target: {fileID: 333327279573686548, guid: d854d4bbf018230468a5ed69d05d78b8,
        type: 3}
      propertyPath: m_LocalEulerAnglesHint.y
      value: 0
      objectReference: {fileID: 0}
    - target: {fileID: 333327279573686548, guid: d854d4bbf018230468a5ed69d05d78b8,
        type: 3}
      propertyPath: m_LocalEulerAnglesHint.z
      value: 0
      objectReference: {fileID: 0}
    m_RemovedComponents: []
  m_SourcePrefab: {fileID: 100100000, guid: d854d4bbf018230468a5ed69d05d78b8, type: 3}
--- !u!4 &3929682283089244641 stripped
Transform:
  m_CorrespondingSourceObject: {fileID: 333327279573686548, guid: d854d4bbf018230468a5ed69d05d78b8,
    type: 3}
  m_PrefabInstance: {fileID: 3614488699447929077}
  m_PrefabAsset: {fileID: 0}
--- !u!1001 &6701735033228488530
PrefabInstance:
  m_ObjectHideFlags: 0
  serializedVersion: 2
  m_Modification:
    m_TransformParent: {fileID: 949994706177216376}
    m_Modifications:
    - target: {fileID: 2816249315686298571, guid: 13fef3e25ad0d194aa8a6f38b4a228c0,
        type: 3}
      propertyPath: m_Name
      value: Enemy2vidas1
      objectReference: {fileID: 0}
    - target: {fileID: 4324867059369662891, guid: 13fef3e25ad0d194aa8a6f38b4a228c0,
        type: 3}
      propertyPath: m_LocalPosition.x
      value: 6.7699995
      objectReference: {fileID: 0}
    - target: {fileID: 4324867059369662891, guid: 13fef3e25ad0d194aa8a6f38b4a228c0,
        type: 3}
      propertyPath: m_LocalPosition.y
      value: 2.8086727
      objectReference: {fileID: 0}
    - target: {fileID: 4324867059369662891, guid: 13fef3e25ad0d194aa8a6f38b4a228c0,
        type: 3}
      propertyPath: m_LocalPosition.z
      value: 0
      objectReference: {fileID: 0}
    - target: {fileID: 4324867059369662891, guid: 13fef3e25ad0d194aa8a6f38b4a228c0,
        type: 3}
      propertyPath: m_LocalRotation.x
      value: -0
      objectReference: {fileID: 0}
    - target: {fileID: 4324867059369662891, guid: 13fef3e25ad0d194aa8a6f38b4a228c0,
        type: 3}
      propertyPath: m_LocalRotation.y
      value: -0
      objectReference: {fileID: 0}
    - target: {fileID: 4324867059369662891, guid: 13fef3e25ad0d194aa8a6f38b4a228c0,
        type: 3}
      propertyPath: m_LocalRotation.z
      value: -0
      objectReference: {fileID: 0}
    - target: {fileID: 4324867059369662891, guid: 13fef3e25ad0d194aa8a6f38b4a228c0,
        type: 3}
      propertyPath: m_LocalRotation.w
      value: 1
      objectReference: {fileID: 0}
    - target: {fileID: 4324867059369662891, guid: 13fef3e25ad0d194aa8a6f38b4a228c0,
        type: 3}
      propertyPath: m_RootOrder
      value: 3
      objectReference: {fileID: 0}
    - target: {fileID: 4324867059369662891, guid: 13fef3e25ad0d194aa8a6f38b4a228c0,
        type: 3}
      propertyPath: m_LocalEulerAnglesHint.x
      value: 0
      objectReference: {fileID: 0}
    - target: {fileID: 4324867059369662891, guid: 13fef3e25ad0d194aa8a6f38b4a228c0,
        type: 3}
      propertyPath: m_LocalEulerAnglesHint.y
      value: 0
      objectReference: {fileID: 0}
    - target: {fileID: 4324867059369662891, guid: 13fef3e25ad0d194aa8a6f38b4a228c0,
        type: 3}
      propertyPath: m_LocalEulerAnglesHint.z
      value: 0
      objectReference: {fileID: 0}
    m_RemovedComponents: []
  m_SourcePrefab: {fileID: 100100000, guid: 13fef3e25ad0d194aa8a6f38b4a228c0, type: 3}
--- !u!4 &6990812767277790969 stripped
Transform:
  m_CorrespondingSourceObject: {fileID: 4324867059369662891, guid: 13fef3e25ad0d194aa8a6f38b4a228c0,
    type: 3}
  m_PrefabInstance: {fileID: 6701735033228488530}
  m_PrefabAsset: {fileID: 0}
--- !u!1001 &7046436107513975267
PrefabInstance:
  m_ObjectHideFlags: 0
  serializedVersion: 2
  m_Modification:
    m_TransformParent: {fileID: 949994706177216376}
    m_Modifications:
    - target: {fileID: 2816249315686298571, guid: 13fef3e25ad0d194aa8a6f38b4a228c0,
        type: 3}
      propertyPath: m_Name
      value: Enemy2vidas1 (1)
      objectReference: {fileID: 0}
    - target: {fileID: 4324867059369662891, guid: 13fef3e25ad0d194aa8a6f38b4a228c0,
        type: 3}
      propertyPath: m_LocalPosition.x
      value: 6.7699995
      objectReference: {fileID: 0}
    - target: {fileID: 4324867059369662891, guid: 13fef3e25ad0d194aa8a6f38b4a228c0,
        type: 3}
      propertyPath: m_LocalPosition.y
      value: -4.191327
      objectReference: {fileID: 0}
    - target: {fileID: 4324867059369662891, guid: 13fef3e25ad0d194aa8a6f38b4a228c0,
        type: 3}
      propertyPath: m_LocalPosition.z
      value: 0
      objectReference: {fileID: 0}
    - target: {fileID: 4324867059369662891, guid: 13fef3e25ad0d194aa8a6f38b4a228c0,
        type: 3}
      propertyPath: m_LocalRotation.x
      value: -0
      objectReference: {fileID: 0}
    - target: {fileID: 4324867059369662891, guid: 13fef3e25ad0d194aa8a6f38b4a228c0,
        type: 3}
      propertyPath: m_LocalRotation.y
      value: -0
      objectReference: {fileID: 0}
    - target: {fileID: 4324867059369662891, guid: 13fef3e25ad0d194aa8a6f38b4a228c0,
        type: 3}
      propertyPath: m_LocalRotation.z
      value: -0
      objectReference: {fileID: 0}
    - target: {fileID: 4324867059369662891, guid: 13fef3e25ad0d194aa8a6f38b4a228c0,
        type: 3}
      propertyPath: m_LocalRotation.w
      value: 1
      objectReference: {fileID: 0}
    - target: {fileID: 4324867059369662891, guid: 13fef3e25ad0d194aa8a6f38b4a228c0,
        type: 3}
      propertyPath: m_RootOrder
      value: 4
      objectReference: {fileID: 0}
    - target: {fileID: 4324867059369662891, guid: 13fef3e25ad0d194aa8a6f38b4a228c0,
        type: 3}
      propertyPath: m_LocalEulerAnglesHint.x
      value: 0
      objectReference: {fileID: 0}
    - target: {fileID: 4324867059369662891, guid: 13fef3e25ad0d194aa8a6f38b4a228c0,
        type: 3}
      propertyPath: m_LocalEulerAnglesHint.y
      value: 0
      objectReference: {fileID: 0}
    - target: {fileID: 4324867059369662891, guid: 13fef3e25ad0d194aa8a6f38b4a228c0,
        type: 3}
      propertyPath: m_LocalEulerAnglesHint.z
      value: 0
      objectReference: {fileID: 0}
    m_RemovedComponents: []
  m_SourcePrefab: {fileID: 100100000, guid: 13fef3e25ad0d194aa8a6f38b4a228c0, type: 3}
--- !u!4 &6759054094333053000 stripped
Transform:
  m_CorrespondingSourceObject: {fileID: 4324867059369662891, guid: 13fef3e25ad0d194aa8a6f38b4a228c0,
    type: 3}
  m_PrefabInstance: {fileID: 7046436107513975267}
  m_PrefabAsset: {fileID: 0}
--- !u!1001 &8366110568380621236
PrefabInstance:
  m_ObjectHideFlags: 0
  serializedVersion: 2
  m_Modification:
    m_TransformParent: {fileID: 949994706177216376}
    m_Modifications:
    - target: {fileID: 3201920097784335953, guid: 9b0b5bf11bdefd14ea11745b6d61ab63,
        type: 3}
      propertyPath: m_Name
      value: Enemy 1 (1)
      objectReference: {fileID: 0}
    - target: {fileID: 2413153903215071677, guid: 9b0b5bf11bdefd14ea11745b6d61ab63,
        type: 3}
      propertyPath: m_LocalPosition.x
      value: 5.2699995
      objectReference: {fileID: 0}
    - target: {fileID: 2413153903215071677, guid: 9b0b5bf11bdefd14ea11745b6d61ab63,
        type: 3}
      propertyPath: m_LocalPosition.y
      value: 1.7086728
      objectReference: {fileID: 0}
    - target: {fileID: 2413153903215071677, guid: 9b0b5bf11bdefd14ea11745b6d61ab63,
        type: 3}
      propertyPath: m_LocalPosition.z
      value: 0
      objectReference: {fileID: 0}
    - target: {fileID: 2413153903215071677, guid: 9b0b5bf11bdefd14ea11745b6d61ab63,
        type: 3}
      propertyPath: m_LocalRotation.x
      value: -0
      objectReference: {fileID: 0}
    - target: {fileID: 2413153903215071677, guid: 9b0b5bf11bdefd14ea11745b6d61ab63,
        type: 3}
      propertyPath: m_LocalRotation.y
      value: -0
      objectReference: {fileID: 0}
    - target: {fileID: 2413153903215071677, guid: 9b0b5bf11bdefd14ea11745b6d61ab63,
        type: 3}
      propertyPath: m_LocalRotation.z
      value: -0
      objectReference: {fileID: 0}
    - target: {fileID: 2413153903215071677, guid: 9b0b5bf11bdefd14ea11745b6d61ab63,
        type: 3}
      propertyPath: m_LocalRotation.w
      value: 1
      objectReference: {fileID: 0}
    - target: {fileID: 2413153903215071677, guid: 9b0b5bf11bdefd14ea11745b6d61ab63,
        type: 3}
      propertyPath: m_RootOrder
      value: 2
      objectReference: {fileID: 0}
    - target: {fileID: 2413153903215071677, guid: 9b0b5bf11bdefd14ea11745b6d61ab63,
        type: 3}
      propertyPath: m_LocalEulerAnglesHint.x
      value: 0
      objectReference: {fileID: 0}
    - target: {fileID: 2413153903215071677, guid: 9b0b5bf11bdefd14ea11745b6d61ab63,
        type: 3}
      propertyPath: m_LocalEulerAnglesHint.y
      value: 0
      objectReference: {fileID: 0}
    - target: {fileID: 2413153903215071677, guid: 9b0b5bf11bdefd14ea11745b6d61ab63,
        type: 3}
      propertyPath: m_LocalEulerAnglesHint.z
      value: 0
      objectReference: {fileID: 0}
    m_RemovedComponents: []
  m_SourcePrefab: {fileID: 100100000, guid: 9b0b5bf11bdefd14ea11745b6d61ab63, type: 3}
--- !u!4 &6153988072788504585 stripped
Transform:
  m_CorrespondingSourceObject: {fileID: 2413153903215071677, guid: 9b0b5bf11bdefd14ea11745b6d61ab63,
    type: 3}
  m_PrefabInstance: {fileID: 8366110568380621236}
  m_PrefabAsset: {fileID: 0}
